<collection xmlns="http://www.loc.gov/MARC21/slim">
<record>
  <leader>01428nam0a22002771i 450 </leader>
  <controlfield tag="001">IT\ICCU\CNCE\039811</controlfield>
  <controlfield tag="005">20040914000000.0</controlfield>
  <datafield tag="012" ind1=" " ind2=" ">
    <subfield code="a">ia,&amp; tora r-la daa; (C) 1582 (A)</subfield>
    <subfield code="2">fei</subfield>
  </datafield>
  <datafield tag="100" ind1=" " ind2=" ">
    <subfield code="a">19981112d1582        0itac0103    ba</subfield>
  </datafield>
  <datafield tag="101" ind1=" " ind2=" ">
    <subfield code="a">ITA</subfield>
  </datafield>
  <datafield tag="102" ind1=" " ind2=" ">
    <subfield code="a">IT</subfield>
  </datafield>
  <datafield tag="200" ind1="1" ind2=" ">
    <subfield code="a">Parte delle buone intentioni di don Emanuelle Anriches di Gusmano conte di S. Romano, da seminare &amp; ricogliere piu &amp; piu sicuro, &amp; meglio, e con manco tempo, e spesa, che fino ad hora ha stampato</subfield>
  </datafield>
  <datafield tag="210" ind1=" " ind2=" ">
    <subfield code="a">In Fiorenza</subfield>
    <subfield code="c">nella stamperia di Giorgio Marescotti</subfield>
    <subfield code="d">1582</subfield>
  </datafield>
  <datafield tag="215" ind1=" " ind2=" ">
    <subfield code="a">\4! c.</subfield>
    <subfield code="d">4ʻ</subfield>
  </datafield>
  <datafield tag="620" ind1=" " ind2=" ">
    <subfield code="a">IT</subfield>
    <subfield code="d">Firenze</subfield>
  </datafield>
  <datafield tag="700" ind1=" " ind2="1">
    <subfield code="a">Henriquez de Guzman,</subfield>
    <subfield code="b">Manuel</subfield>
    <subfield code="3">IT\ICCU\CNCA\011018</subfield>
  </datafield>
  <datafield tag="712" ind1="0" ind2="0">
    <subfield code="a">Marescotti, Giorgio</subfield>
    <subfield code="3">IT\ICCU\CNCT\000049</subfield>
    <subfield code="4">650</subfield>
  </datafield>
  <datafield tag="790" ind1=" " ind2="0">
    <subfield code="a">Emanuelle Anriches</subfield>
    <subfield code="c"> : di#Gusmano</subfield>
    <subfield code="3">IT\ICCU\CNCA\018076</subfield>
    <subfield code="z">Henriquez de Guzman, Manuel</subfield>
  </datafield>
  <datafield tag="790" ind1=" " ind2="1">
    <subfield code="a">Guzman,</subfield>
    <subfield code="b">Emanuel Henriquez</subfield>
    <subfield code="3">IT\ICCU\CNCA\018077</subfield>
    <subfield code="z">Henriquez de Guzman, Manuel</subfield>
  </datafield>
  <datafield tag="790" ind1=" " ind2="0">
    <subfield code="a">Emmanuel Henriquez</subfield>
    <subfield code="c"> : de#Guzman</subfield>
    <subfield code="3">IT\ICCU\CNCA\018078</subfield>
    <subfield code="z">Henriquez de Guzman, Manuel</subfield>
  </datafield>
  <datafield tag="790" ind1=" " ind2="1">
    <subfield code="a">Enriches,</subfield>
    <subfield code="b">Emanuelle</subfield>
    <subfield code="3">IT\ICCU\CNCA\020367</subfield>
    <subfield code="z">Henriquez de Guzman, Manuel</subfield>
  </datafield>
  <datafield tag="791" ind1="0" ind2="0">
    <subfield code="a">Mariscotti, Giorgio</subfield>
    <subfield code="3">IT\ICCU\CNCT\005030</subfield>
    <subfield code="z">Marescotti, Giorgio</subfield>
  </datafield>
  <datafield tag="791" ind1="0" ind2="0">
    <subfield code="a">Marescottus, Georgius</subfield>
    <subfield code="3">IT\ICCU\CNCT\005031</subfield>
    <subfield code="z">Marescotti, Giorgio</subfield>
  </datafield>
  <datafield tag="791" ind1="0" ind2="0">
    <subfield code="a">Marescotus, Georgius</subfield>
    <subfield code="3">IT\ICCU\CNCT\005032</subfield>
    <subfield code="z">Marescotti, Giorgio</subfield>
  </datafield>
  <datafield tag="801" ind1=" " ind2="3">
    <subfield code="a">IT</subfield>
    <subfield code="b">ICCU</subfield>
    <subfield code="c">20201114</subfield>
  </datafield>
  <datafield tag="899" ind1=" " ind2=" ">
    <subfield code="a">Biblioteca universitaria Alessandrina. Roma</subfield>
    <subfield code="1">RM0280</subfield>
    <subfield code="2">RML 01</subfield>
  </datafield>
</record>
</collection>
